<?xml version="1.0" encoding="UTF-8"?><collection xmlns="http://www.loc.gov/MARC21/slim"><record><leader>00371nam--2200109-i-4500</leader><controlfield tag="001">000005039</controlfield><controlfield tag="002">20161230</controlfield><controlfield tag="005">20161230201026</controlfield><controlfield tag="008">060222s1000------------r-----000-0-eng-d</controlfield><datafield ind1=" " ind2=" " tag="245"><subfield code="a">Colloque sur certains aspects de la docimetrie des rayonnements, vienne, 7-11 juin, 1960. resumes des memoires</subfield></datafield><datafield ind1=" " ind2=" " tag="260"><subfield code="a">Vienne, Agence Internationale De L Energie Atomique, 1960</subfield></datafield><datafield ind1=" " ind2=" " tag="852"><subfield code="a">6936</subfield></datafield></record></collection>